<?xml version="1.0" encoding="UTF-8"?><collection xmlns="http://www.loc.gov/MARC21/slim"><record><leader>00443nam--2200169-i-4500</leader><controlfield tag="001">000015119</controlfield><controlfield tag="002">20161230</controlfield><controlfield tag="005">20161230201031</controlfield><controlfield tag="008">060222s1000------------r-----000-0-eng-d</controlfield><datafield ind1=" " ind2=" " tag="040"><subfield code="a">IFIN-HH</subfield></datafield><datafield ind1=" " ind2=" " tag="080"><subfield code="a">533.951</subfield></datafield><datafield ind1="1" ind2=" " tag="100"><subfield code="a">Dinu, Liviu</subfield></datafield><datafield ind1="1" ind2="0" tag="245"><subfield code="a">Teoria undelor de soc in plasma</subfield><subfield code="c">Liviu dinu</subfield></datafield><datafield ind1=" " ind2=" " tag="260"><subfield code="a">Bucuresti, Editura Stiintifica Si Enciclopedica, 1976</subfield></datafield><datafield ind1=" " ind2=" " tag="300"><subfield code="a">278P</subfield></datafield><datafield ind1=" " ind2=" " tag="852"><subfield code="a">79664</subfield><subfield code="c">533.9</subfield></datafield><datafield ind1=" " ind2=" " tag="CAT"><subfield code="a">Sys</subfield><subfield code="c">20101004</subfield><subfield code="h">100915</subfield></datafield></record></collection>